@BOOK{mathGA,
  author = {С. П. Дударов},
  title = {Математические основы генетических алгоритмов: учеб. пособие},
  year = {2012},
  address = {М.},
  publisher = {РХТУ им. Д. И. Менделеева},
  numpages = {56},
  language = {russian}
}

@BOOK{algGA,
  author = {Т. В. Панченко},
  title = {Генетические алгоритмы},
  year = {2007},
  address = {Астрахань},
  publisher = {Издательский дом <<Астраханский университет>>},
  numpages = {87},
  language = {russian}
}

@BOOK{charsGA,
  author = {В. Г. Спицын, Ю. Р. Цой},
  title = {Представление знаний в информационных системах: учеб. пособие},
  year = {2007},
  address = {Томск},
  publisher = {Изд-во ТПУ},
  numpages = {160},
  language = {russian}
}

@BOOK{charsBM1,
  author = {Э. И. Галай, Е. Э. Галай},
  title = {Тормозные системы железнодорожного транспорта},
  year = {2010},
  address = {Гомель},
  publisher = {Изд-во Белорусского государственного университета транспорта},
  numpages = {315},
  language = {russian}
}

@ONLINE{
Coupler,
title={СА-3},
url={https://ru.wikipedia.org/wiki/СА-3},
language = {russian},
urldate={2019-12-04}
}

@ONLINE{
charsBM2,
title={Механическое торможение поезда, его разновидности и реализация},
url={https://studfile.net/preview/5907312/page:1},
language = {russian},
urldate={2019-12-04}
}